<record><leader>00000cas a22000007a 4500</leader><controlfield tag="001">53008938</controlfield><controlfield tag="008">030911c19939999iluwn ne      0    0eng d</controlfield><datafield ind1=" " ind2=" " tag="010"><subfield code="a">sn2003061933</subfield></datafield><datafield ind1=" " ind2=" " tag="040"><subfield code="a">NVF</subfield><subfield code="b">eng</subfield><subfield code="c">NVF</subfield><subfield code="d">NVF</subfield><subfield code="d">OCLCF</subfield><subfield code="d">OCLCO</subfield></datafield><datafield ind1="1" ind2=" " tag="029"><subfield code="a">AU@</subfield><subfield code="b">000024939848</subfield></datafield><datafield ind1=" " ind2=" " tag="042"><subfield code="a">msc</subfield></datafield><datafield ind1=" " ind2=" " tag="043"><subfield code="a">n-us-il</subfield></datafield><datafield ind1="0" ind2=" " tag="130"><subfield code="a">Tri-county news (Elmwood, Ill. : Princeville telephone ed.)</subfield></datafield><datafield ind1="1" ind2="0" tag="245"><subfield code="a">Tri-county news.</subfield></datafield><datafield ind1="3" ind2=" " tag="246"><subfield code="a">Tri county news</subfield></datafield><datafield ind1=" " ind2=" " tag="250"><subfield code="a">Princeville telephone ed.</subfield></datafield><datafield ind1=" " ind2=" " tag="260"><subfield code="a">Elmwood, Ill. :</subfield><subfield code="b">DeEllda J. Swindler,</subfield><subfield code="c">1993-</subfield></datafield><datafield ind1=" " ind2=" " tag="300"><subfield code="a">v.</subfield></datafield><datafield ind1=" " ind2=" " tag="310"><subfield code="a">Weekly (except last week of Dec.)</subfield></datafield><datafield ind1="0" ind2=" " tag="362"><subfield code="a">Vol. 118, no. 1 (Jan. 7, 1993)-</subfield></datafield><datafield ind1=" " ind2=" " tag="515"><subfield code="a">Issue for v. 124, no. 1 (Jan. 6, 1999) erroneously designated as v. 125, no. 1.</subfield></datafield><datafield ind1=" " ind2=" " tag="580"><subfield code="a">Published simultaneously as: Tri-county news (Elmwood, Ill. : Yates City banner ed.), 1993-    , and: Tri-county news (Elmwood, Ill. : Elmwood gazette ed.), 1993-    , and: Tri-County news (Elmwood, Ill. : Williamsfield times ed.), 1993-    , and Tri-county news (Ekmwood, Ill. : Farmington bugle ed.), 1993-   .</subfield></datafield><datafield ind1=" " ind2=" " tag="588"><subfield code="a">Latest issue consulted: Vol. 128, no. 1 (Jan. 2, 2003).</subfield></datafield><datafield ind1=" " ind2="4" tag="651"><subfield code="a">Elmwood (Ill.)</subfield><subfield code="v">Newspapers.</subfield></datafield><datafield ind1=" " ind2="0" tag="651"><subfield code="a">Princeville (Ill.)</subfield><subfield code="v">Newspapers.</subfield></datafield><datafield ind1=" " ind2="0" tag="651"><subfield code="a">Peoria County (Ill.)</subfield><subfield code="v">Newspapers.</subfield></datafield><datafield ind1=" " ind2="7" tag="655"><subfield code="a">Newspapers.</subfield><subfield code="2">fast</subfield><subfield code="0">(OCoLC)fst01423814</subfield></datafield><datafield ind1=" " ind2="7" tag="651"><subfield code="a">Illinois</subfield><subfield code="z">Peoria County.</subfield><subfield code="2">fast</subfield><subfield code="0">(OCoLC)fst01207226</subfield></datafield><datafield ind1=" " ind2="7" tag="651"><subfield code="a">Illinois</subfield><subfield code="z">Princeville.</subfield><subfield code="2">fast</subfield><subfield code="0">(OCoLC)fst01252708</subfield></datafield><datafield ind1=" " ind2=" " tag="752"><subfield code="a">United States</subfield><subfield code="b">Illinois</subfield><subfield code="c">Peoria</subfield><subfield code="d">Elmwood.</subfield></datafield><datafield ind1="0" ind2="0" tag="780"><subfield code="t">Princeville telephone (Princeville, Ill. : 1978)</subfield><subfield code="w">(DLC)sn 92054551</subfield><subfield code="w">(OCoLC)25896140</subfield></datafield><datafield ind1="1" ind2=" " tag="787"><subfield code="t">Tri-county news (Elmwood, Ill. : Yates City banner ed.)</subfield><subfield code="w">(DLC)sn 94060621</subfield><subfield code="w">(OCoLC)31634922</subfield></datafield><datafield ind1="1" ind2=" " tag="787"><subfield code="t">Tri-county news (Elmwood, Ill. : Elmwood gazette ed.)</subfield><subfield code="w">(DLC)sn 94060620</subfield><subfield code="w">(OCoLC)31634872</subfield></datafield><datafield ind1="1" ind2=" " tag="787"><subfield code="t">Tri-county news (Elmwood, Ill. : Williamsfield times ed.)</subfield><subfield code="w">(DLC)sn2002061120</subfield><subfield code="w">(OCoLC)50209294</subfield></datafield><datafield ind1="1" ind2=" " tag="787"><subfield code="t">Tri-county news (Elmwood, Ill. : Farmington bugle ed.)</subfield><subfield code="w">(DLC)sn2004061923</subfield><subfield code="w">(OCoLC)54832120</subfield></datafield></record>